%  Bibliography for Operating Systems II: Project 1
%  

@misc{dsa,
    title = {Debian Manpages for qemu-system-i386},
    author = {Illinois Institute of Technology},
    howpublished = {\url{http://www.cs.iit.edu/~cs561/cs450/disksched/disksched.html}},
}


