%  Bibliography for Operating Systems II: Project 1
%  

@misc{kernel,
    title = {Debian Manpages for qemu-system-i386},
    howpublished = {\url{https://manpages.debian.org/stretch/qemu-system-x86/qemu-system-i386.1.en.html}},
    note = {Accessed: 2017-10-08}
}

@misc{semaphore,
    title = {The Little Book of Semaphores},
    howpublished = {\url{http://greenteapress.com/semaphores/LittleBookOfSemaphores.pdf}},
    note = {Accessed: 2017-10-07}  
}


