%  Bibliography for Operating Systems II: Project 1
%  

@misc{bestfit,
    title = {Allocation Algorithms},
    author = {Rochester Institute of Technology},
    howpublished = {\url{https://www.cs.rit.edu/~ark/lectures/gc/03_03_03.html}},
}


