%  Bibliography for Operating Systems II: Project 1
%  

@misc{sbd,
    title = {A Simple Block Driver for Linux Kernel 2.6.31},
    author = {Pat Patterson},
    howpublished = {\url{http://blog.superpat.com/2010/05/04/a-simple-block-driver-for-linux-kernel-2-6-31/}},
}

@misc{lwn,
    title = {Linux Device Drivers, Third Edition},
    author = {Jonathan Corbet and Alessandro Rubini and Greg Kroah-Hartman},
    howpublished = {\url{https://lwn.net/Kernel/LDD3/}},
}


